@article{DBLP:journals/corr/abs-1709-05584,
  author    = {William L. Hamilton and
               Rex Ying and
               Jure Leskovec},
  title     = {Representation Learning on Graphs: Methods and Applications},
  journal   = {CoRR},
  volume    = {abs/1709.05584},
  year      = {2017},
  url       = {http://arxiv.org/abs/1709.05584},
  archivePrefix = {arXiv},
  eprint    = {1709.05584},
  timestamp = {Mon, 13 Aug 2018 16:48:34 +0200},
  biburl    = {https://dblp.org/rec/bib/journals/corr/abs-1709-05584},
  bibsource = {dblp computer science bibliography, https://dblp.org}
}

@inproceedings{belkin2002laplacian,
  title={Laplacian eigenmaps and spectral techniques for embedding and clustering},
  author={Belkin, M. and Niyogi, P.},
  booktitle={NIPS},
  year={2002}
}

@inproceedings{ng2001spectral,
  title={On spectral clustering: Analysis and an algorithm},
  author={Ng, A.  and Jordan, M.  and Weiss, Y. and others},
  booktitle={NIPS},
  year={2001}
}

@inproceedings{wang2016structural,
    title={Structural deep network embedding},
    author={Wang, D. and Cui, P. and Zhu, W.},
    booktitle={KDD},
    year={2016},
}

@article{kearns2017preventing,
  title={Preventing Fairness Gerrymandering: Auditing and Learning for Subgroup Fairness},
  author={Kearns, M. and Neel, S. and Roth, A. and Wu, Z.},
  journal={arXiv:1711.05144},
  year={2017}
}

@inproceedings{ji2015knowledge,
  title={Knowledge graph embedding via dynamic mapping matrix},
  author={Ji, G. and He, S. and Xu, L. and Liu, K. and Zhao, J.},
  booktitle={ACL},
  year={2015}
}

@inproceedings{trouillon2016complex,
  title={Complex embeddings for simple link prediction},
  author={Trouillon, T. and Welbl, J. and Riedel, S. and Gaussier, {\'E}, and Bouchard, G.},
  booktitle={ICML},
  year={2016}
}

@inproceedings{nickel2011three,
  title={A Three-Way Model for Collective Learning on Multi-Relational Data.},
  author={Nickel, Maximilian and Tresp, Volker and Kriegel, Hans-Peter},
  booktitle={ICML},
  volume={11},
  pages={809--816},
  year={2011}
}

@inproceedings{bordes2013translating,
  title={Translating embeddings for modeling multi-relational data},
  author={Bordes, A, and Usunier, N. and Garcia-Duran, A. and Weston, J. and Yakhnenko, O.},
  booktitle={NIPS},
  year={2013}
}

 @inproceedings{hamilton2017inductive,
     author = {Hamilton, W.L. and Ying, R. and Leskovec, J.},
     title = {Inductive Representation Learning on Large Graphs},
     booktitle = {NIPS},
     year = {2017}
 }
 
 
@inproceedings{kipf2016variational,
  title={Variational Graph Auto-Encoders},
  author={Kipf, T.N. and Welling, M.},
  booktitle={NIPS Workshop on Bayesian Deep Learning},
  year={2016}
}


@inproceedings{grover2016node2vec,
    title={node2vec: Scalable feature learning for networks},
    author={Grover, A. and Leskovec, J.},
    booktitle={KDD},
    year={2016},
}

@inproceedings{perozzi2014deepwalk,
    title={Deepwalk: Online learning of social representations},
    author={Perozzi, B. and Al-Rfou, R. and Skiena, S.},
    booktitle={KDD},
    year={2014},
}

@article{majone1972social,
  title={Social space and social distance: some remarks on metric methods in data analysis},
  author={Majone, G.},
  journal={Quality and Quantity},
  volume={6},
  number={2},
  pages={239--252},
  year={1972},
}

@article{faust1988comparison,
  title={Comparison of methods for positional analysis: Structural and general equivalences},
  author={Faust, K.},
  journal={Soc. Net.},
  volume={10},
  number={4},
  pages={313--341},
  year={1988},
}

@article{cai2018comprehensive,
  title={A comprehensive survey of graph embedding: problems, techniques and applications},
  author={Cai, Hongyun and Zheng, Vincent W and Chang, Kevin},
  journal={IEEE Transactions on Knowledge and Data Engineering},
  year={2018},
  publisher={IEEE}
}

@article{hamilton2017representation,
	title={Representation Learning on Graphs: Methods and Applications},
	author={Hamilton, W. and Ying, R. and Leskovec, J.},
	journal={IEEE Data Engineering Bulletin},
	year={2017},
}


@InProceedings{P18-1094,
  author = 	"Bose, Avishek Joey
		and huan
		and Cao, Yanshuai",
  title = 	"Adversarial Contrastive Estimation",
  booktitle = 	"Proceedings of the 56th Annual Meeting of the Association for Computational Linguistics (Volume 1: Long Papers)",
  year = 	"2018",
  publisher = 	"Association for Computational Linguistics",
  pages = 	"1021--1032",
  location = 	"Melbourne, Australia",
  url = 	"http://aclweb.org/anthology/P18-1094"
}
@InProceedings{P18-1152,
  author = 	"Holtzman, Ari
		and Buys, Jan
		and Forbes, Maxwell
		and Bosselut, Antoine
		and Golub, David
		and Choi, Yejin",
  title = 	"Learning to Write with Cooperative Discriminators",
  booktitle = 	"Proceedings of the 56th Annual Meeting of the Association for Computational Linguistics (Volume 1: Long Papers)",
  year = 	"2018",
  publisher = 	"Association for Computational Linguistics",
  pages = 	"1638--1649",
  location = 	"Melbourne, Australia",
  url = 	"http://aclweb.org/anthology/P18-1152"
}
@article{battaglia2018relational,
  title={Relational inductive biases, deep learning, and graph networks},
  author={Battaglia, Peter W and Hamrick, Jessica B and Bapst, Victor and Sanchez-Gonzalez, Alvaro and Zambaldi, Vinicius and Malinowski, Mateusz and Tacchetti, Andrea and Raposo, David and Santoro, Adam and Faulkner, Ryan and others},
  journal={arXiv preprint arXiv:1806.01261},
  year={2018}
}
@article{madras2018learning,
  title={Learning adversarially fair and transferable representations},
  author={Madras, David and Creager, Elliot and Pitassi, Toniann and Zemel, Richard},
  journal={arXiv preprint arXiv:1802.06309},
  year={2018}
}

@inproceedings{moon2017learning,
  title={Learning Entity Type Embeddings for Knowledge Graph Completion},
  author={Moon, Changsung and Jones, Paul and Samatova, Nagiza F},
  booktitle={CIKM,
  year={2017},
}

@inproceedings{toutanova2015representing,
  title={Representing text for joint embedding of text and knowledge bases},
  author={Toutanova, Kristina and Chen, Danqi and Pantel, Patrick and Poon, Hoifung and Choudhury, Pallavi and Gamon, Michael},
  booktitle={EMNLP},
  year={2015}
}


@misc{movielens,
  title={\url{https://grouplens.org/datasets/movielens/100k/}
} 
@misc{FB15k,
  title={\url{https://www.microsoft.com/en-us/download/details.aspx?id=52312}
}
@misc{FB15k_ent_types,
  title={\url{https://github.com/cmoon2/knowledge_graph/tree/master/datasets/Freebase/FB15k_Entity_Types}
}

@article{berg2017graph,
  title={Graph convolutional matrix completion},
  author={Berg, Rianne van den and Kipf, Thomas N and Welling, Max},
  journal={arXiv preprint arXiv:1706.02263},
  year={2017}
}

@article{nickel2016review,
	title={A review of relational machine learning for knowledge graphs},
	author={Nickel, M. and Murphy, K. and Tresp, V. and Gabrilovich, E.},
	journal={Proceedings of the IEEE},
	volume={104},
	number={1},
	pages={11--33},
	year={2016},
}


@InProceedings{Gil+2017,
	Title                    = {Neural Message Passing for Quantum Chemistry},
	Author                   = {Gilmer, J. and Schoenholz, S. S. and Riley, P. F. and Vinyals, O. and Dahl, G. E.},
	Booktitle                = {ICML},
	Year                     = {2017},
	
	Keywords                 = {deep}
}

@inproceedings{perozzi2014deepwalk,
	title={Deepwalk: Online learning of social representations},
	author={Perozzi, B. and Al-Rfou, R. and Skiena, S.},
	booktitle={KDD},
	year={2014},
}


@inproceedings{mathieu2016disentangling,
	title={Disentangling factors of variation in deep representation using adversarial training},
	author={Mathieu, M. and Zhao, J. and Zhao, J. and Ramesh, A. and Sprechmann, P. and LeCun, Y.},
	booktitle={NIPS},
	year={2016}
}


@article{yao2017new,
  title={New Fairness Metrics for Recommendation that Embrace Differences},
  author={Yao, Sirui and Huang, Bert},
  journal={arXiv preprint arXiv:1706.09838},
  year={2017}
}
@inproceedings{zemel2013learning,
  title={Learning fair representations},
  author={Zemel, Rich and Wu, Yu and Swersky, Kevin and Pitassi, Toni and Dwork, Cynthia},
  booktitle={International Conference on Machine Learning},
  pages={325--333},
  year={2013}
}
@article{DBLP:journals/corr/abs-1805-12302,
  author    = {Avishek Joey Bose and
               Parham Aarabi},
  title     = {Adversarial Attacks on Face Detectors using Neural Net based Constrained
               Optimization},
  journal   = {CoRR},
  volume    = {abs/1805.12302},
  year      = {2018},
  url       = {http://arxiv.org/abs/1805.12302},
  archivePrefix = {arXiv},
  eprint    = {1805.12302},
  timestamp = {Mon, 13 Aug 2018 16:48:55 +0200},
  biburl    = {https://dblp.org/rec/bib/journals/corr/abs-1805-12302},
  bibsource = {dblp computer science bibliography, https://dblp.org}
}
@inproceedings{tzeng2017adversarial,
  title={Adversarial discriminative domain adaptation},
  author={Tzeng, Eric and Hoffman, Judy and Saenko, Kate and Darrell, Trevor},
  booktitle={Computer Vision and Pattern Recognition (CVPR)},
  volume={1},
  number={2},
  pages={4},
  year={2017}
}
@article{loiola2007survey,
  title={A survey for the quadratic assignment problem},
  author={Loiola, Eliane Maria and de Abreu, Nair Maria Maia and Boaventura-Netto, Paulo Oswaldo and Hahn, Peter and Querido, Tania},
  journal={European journal of operational research},
  volume={176},
  number={2},
  pages={657--690},
  year={2007},
  publisher={Elsevier}
}
@article{mirza2014conditional,
  title={Conditional generative adversarial nets},
  author={Mirza, Mehdi and Osindero, Simon},
  journal={arXiv preprint arXiv:1411.1784},
  year={2014}
}
@inproceedings{goodfellow2014generative,
  title={Generative adversarial nets},
  author={Goodfellow, Ian and Pouget-Abadie, Jean and Mirza, Mehdi and Xu, Bing and Warde-Farley, David and Ozair, Sherjil and Courville, Aaron and Bengio, Yoshua},
  booktitle={NIPS},
  pages={2672--2680},
  year={2014}
}
@article{arjovsky2017wasserstein,
  title={Wasserstein gan},
  author={Arjovsky, Martin and Chintala, Soumith and Bottou, L{\'e}on},
  journal={arXiv preprint arXiv:1701.07875},
  year={2017}
}
@article{gajane2017formalizing,
  title={On formalizing fairness in prediction with machine learning},
  author={Gajane, Pratik and Pechenizkiy, Mykola},
  journal={arXiv preprint arXiv:1710.03184},
  year={2017}
}
@article{chouldechova2017fair,
  title={Fair prediction with disparate impact: A study of bias in recidivism prediction instruments},
  author={Chouldechova, Alexandra},
  journal={Big data},
  volume={5},
  number={2},
  pages={153--163},
  year={2017},
  publisher={Mary Ann Liebert, Inc. 140 Huguenot Street, 3rd Floor New Rochelle, NY 10801 USA}
}
@inproceedings{kamishima2012fairness,
  title={Fairness-aware classifier with prejudice remover regularizer},
  author={Kamishima, Toshihiro and Akaho, Shotaro and Asoh, Hideki and Sakuma, Jun},
  booktitle={Joint European Conference on Machine Learning and Knowledge Discovery in Databases},
  pages={35--50},
  year={2012},
  organization={Springer}
}
@inproceedings{transD,
  title={Knowledge graph embedding via dynamic mapping matrix},
  author={Ji, Guoliang and He, Shizhu and Xu, Liheng and Liu, Kang and Zhao, Jun},
  booktitle={Proceedings of the 53rd Annual Meeting of the Association for Computational Linguistics and the 7th International Joint Conference on Natural Language Processing (Volume 1: Long Papers)},
  volume={1},
  pages={687--696},
  year={2015}
}
@inproceedings{transe,
  title={Translating embeddings for modeling multi-relational data},
  author={Bordes, Antoine and Usunier, Nicolas and Garcia-Duran, Alberto and Weston, Jason and Yakhnenko, Oksana},
  booktitle={Advances in neural information processing systems},
  pages={2787--2795},
  year={2013}
}
@article{distmult,
  title={Embedding entities and relations for learning and inference in knowledge bases},
  author={Yang, Bishan and Yih, Wen-tau and He, Xiaodong and Gao, Jianfeng and Deng, Li},
  journal={arXiv preprint arXiv:1412.6575},
  year={2014}
}

@inproceedings{complex,
  title={Complex embeddings for simple link prediction},
  author={Trouillon, Th{\'e}o and Welbl, Johannes and Riedel, Sebastian and Gaussier, {\'E}ric and Bouchard, Guillaume},
  booktitle={International Conference on Machine Learning},
  pages={2071--2080},
  year={2016}
}
@inproceedings{lin2015learning,
  title={Learning entity and relation embeddings for knowledge graph completion.},
  author={Lin, Yankai and Liu, Zhiyuan and Sun, Maosong and Liu, Yang and Zhu, Xuan},
  booktitle={AAAI},
  volume={15},
  pages={2181--2187},
  year={2015}
}
@inproceedings{transH,
  title={Knowledge graph embedding by translating on hyperplanes},
  author={Wang, Zhen and Zhang, Jianwen and Feng, Jianlin and Chen, Zheng},
  booktitle={Proceedings of the Twenty-Eighth AAAI Conference on Artificial Intelligence},
  pages={1112--1119},
  year={2014},
  organization={AAAI Press}
}
@article{bose2018adversarial,
  title={Adversarial Contrastive Estimation},
  author={Bose, Avishek and Ling, Huan and Cao, Yanshuai},
  journal={arXiv preprint arXiv:1805.03642},
  year={2018}
}
@article{kingma2014adam,
  title={Adam: A method for stochastic optimization},
  author={Kingma, Diederik P and Ba, Jimmy},
  journal={arXiv preprint arXiv:1412.6980},
  year={2014}
}
@article{xu2015empirical,
  title={Empirical evaluation of rectified activations in convolutional network},
  author={Xu, Bing and Wang, Naiyan and Chen, Tianqi and Li, Mu},
  journal={arXiv preprint arXiv:1505.00853},
  year={2015}
}
@inproceedings{lample2017fader,
  title={Fader networks: Manipulating images by sliding attributes},
  author={Lample, Guillaume and Zeghidour, Neil and Usunier, Nicolas and Bordes, Antoine and Denoyer, Ludovic and others},
  booktitle={Advances in Neural Information Processing Systems},
  pages={5967--5976},
  year={2017}
}
@inproceedings{mathieu2016disentangling,
  title={Disentangling factors of variation in deep representation using adversarial training},
  author={Mathieu, Michael F and Zhao, Junbo Jake and Zhao, Junbo and Ramesh, Aditya and Sprechmann, Pablo and LeCun, Yann},
  booktitle={Advances in Neural Information Processing Systems},
  pages={5040--5048},
  year={2016}
}
@article{raff2018gradient,
  title={Gradient Reversal Against Discrimination},
  author={Raff, Edward and Sylvester, Jared},
  journal={arXiv preprint arXiv:1807.00392},
  year={2018}
}

